@inproceedings{sutton1990integrated,
  title={Integrated architectures for learning, planning, and reacting based on approximating dynamic programming},
  author={Sutton, Richard S},
  booktitle={Proceedings of the seventh international conference on machine learning},
  year={1990}
}

@article{peng1993efficient,
  title={Efficient learning and planning within the Dyna framework},
  author={Peng, Jing and Williams, Ronald J},
  journal={Adaptive Behavior},
  year={1993},
  publisher={Sage Publications Sage CA: Thousand Oaks, CA}
}

@book{sutton2018reinforcement,
  title={Reinforcement learning: An introduction},
  author={Sutton, Richard S and Barto, Andrew G},
  year={2018},
  publisher={MIT press Cambridge}
}
